%% This BibTeX bibliography file was created using BibDesk.
%% http://bibdesk.sourceforge.net/


%% Created for F. Ricci-Tam at 2015-12-05 00:43:45 -0800 


%% Saved with string encoding Unicode (UTF-8) 


@book{BettiniPhysics,
	Author = {Bettini, Alessandro},
	Date-Added = {2015-10-01 01:54:30 +0000},
	Date-Modified = {2015-12-05 08:43:38 +0000},
	Edition = {1},
	Keywords = {PhysicsTextbook},
	Publisher = {Cambridge University Press},
	Title = {Introduction to Elementary Particle Physics},
	Year = {2008}}

@book{MuonTDR,
	Author = {The CMS Collaboration},
	Address = {Geneva},
	Collaboration = {CMS Collaboration},
	Date-Modified = {2015-12-05 08:43:27 +0000},
	Keywords = {DetectorPaper},
	Publisher = {CERN},
	Series = {Technical Design Report CMS},
	Title = {The CMS muon project: Technical Design Report},
	Url = {https://cds.cern.ch/record/343814},
	Year = {1997},
	Bdsk-Url-1 = {https://cds.cern.ch/record/343814}}

@article{1748-0221-3-08-S08001,
	Author = {Lyndon Evans and Philip Bryant},
	Date-Added = {2015-10-06 01:54:05 +0000},
	Date-Modified = {2015-12-05 08:43:02 +0000},
	Journal = {Journal of Instrumentation},
	Keywords = {DetectorPaper},
	Number = {08},
	Pages = {S08001},
	Title = {LHC Machine},
	Url = {http://stacks.iop.org/1748-0221/3/i=08/a=S08001},
	Volume = {3},
	Year = {2008},
	Bdsk-Url-1 = {http://stacks.iop.org/1748-0221/3/i=08/a=S08001}}

@article{1748-0221-3-08-S08004,
	Author = {The CMS Collaboration},
	Date-Added = {2015-10-06 01:53:00 +0000},
	Date-Modified = {2015-12-05 08:43:15 +0000},
	Journal = {Journal of Instrumentation},
	Keywords = {DetectorPaper},
	Number = {08},
	Pages = {S08004},
	Title = {The CMS experiment at the CERN LHC},
	Url = {http://stacks.iop.org/1748-0221/3/i=08/a=S08004},
	Volume = {3},
	Year = {2008},
	Bdsk-Url-1 = {http://stacks.iop.org/1748-0221/3/i=08/a=S08004}}

@article{Aad:2012tfa,
      author         = "Aad, Georges and others",
      title          = "{Observation of a new particle in the search for the
                        Standard Model Higgs boson with the ATLAS detector at the
                        LHC}",
      collaboration  = "ATLAS",
      journal        = "Phys.Lett.",
      volume         = "B716",
      pages          = "1-29",
      doi            = "10.1016/j.physletb.2012.08.020",
      year           = "2012",
      eprint         = "1207.7214",
      archivePrefix  = "arXiv",
      primaryClass   = "hep-ex",
      reportNumber   = "CERN-PH-EP-2012-218",
      SLACcitation   = "%%CITATION = ARXIV:1207.7214;%%",
}

@article{Chatrchyan:2012ufa,
      author         = "Chatrchyan, Serguei and others",
      title          = "{Observation of a new boson at a mass of 125 GeV with the
                        CMS experiment at the LHC}",
      collaboration  = "CMS",
      journal        = "Phys.Lett.",
      volume         = "B716",
      pages          = "30-61",
      doi            = "10.1016/j.physletb.2012.08.021",
      year           = "2012",
      eprint         = "1207.7235",
      archivePrefix  = "arXiv",
      primaryClass   = "hep-ex",
      reportNumber   = "CMS-HIG-12-028, CERN-PH-EP-2012-220",
      SLACcitation   = "%%CITATION = ARXIV:1207.7235;%%",
}

@misc{ATLASnew,
      author         = "Aad, Georges and others",
      title          = "{Updated coupling measurements of the Higgs boson with the ATLAS detector using up to 25/fb of proton-proton collision data}",
      collaboration  = "ATLAS",
      year           = "2014",
      note   = "ATLAS-CONF-2014-009",
      reportNumber   = "ATLAS-CONF-2014-009",
}

@misc{CMS:new,
      title          = "{Combination of standard model Higgs boson searches and measurements of the properties of the new boson with a mass near 125 GeV}",
      collaboration  = "CMS",
      year           = "2013",
      note   = "CMS PAS HIG-13-005",
      reportNumber   = "CMS-PAS-HIG-13-005",
}

@article{Aad:2013wqa,
      author         = "Aad, Georges and others",
      title          = "{Measurements of Higgs boson production and couplings in
                        diboson final states with the ATLAS detector at the LHC}",
      collaboration  = "ATLAS",
      journal        = "Phys.Lett.",
      volume         = "B726",
      pages          = "88-119",
      doi            = "10.1016/j.physletb.2013.08.010",
      year           = "2013",
      eprint         = "1307.1427",
      archivePrefix  = "arXiv",
      primaryClass   = "hep-ex",
      reportNumber   = "CERN-PH-EP-2013-103",
      SLACcitation   = "%%CITATION = ARXIV:1307.1427;%%",
}

@article{Dermisek:2005ar,
      author         = "Dermisek, Radovan and Gunion, John F.",
      title          = "{Escaping the large fine tuning and little hierarchy
                        problems in the next to minimal supersymmetric model and $h\rightarrow aa$ decays}",
      journal        = "Phys.Rev.Lett.",
      volume         = "95",
      pages          = "041801",
      doi            = "10.1103/PhysRevLett.95.041801",
      year           = "2005",
      eprint         = "hep-ph/0502105",
      archivePrefix  = "arXiv",
      primaryClass   = "hep-ph",
      SLACcitation   = "%%CITATION = HEP-PH/0502105;%%",
}

@article{Dermisek:2006wr,
      author         = "Dermisek, Radovan and Gunion, John F.",
      title          = "{The NMSSM Close to the R-symmetry Limit and Naturalness
                        in $h\rightarrow aa$ Decays for $m(a)<2m(b)$}",
      journal        = "Phys.Rev.",
      volume         = "D75",
      pages          = "075019",
      doi            = "10.1103/PhysRevD.75.075019",
      year           = "2007",
      eprint         = "hep-ph/0611142",
      archivePrefix  = "arXiv",
      primaryClass   = "hep-ph",
      reportNumber   = "UCD-2006-16",
      SLACcitation   = "%%CITATION = HEP-PH/0611142;%%",
}

@article{Chang:2008cw,
      author         = "Chang, Spencer and Dermisek, Radovan and Gunion, John F.
                        and Weiner, Neal",
      title          = "{Nonstandard Higgs Boson Decays}",
      journal        = "Ann.Rev.Nucl.Part.Sci.",
      volume         = "58",
      pages          = "75-98",
      doi            = "10.1146/annurev.nucl.58.110707.171200",
      year           = "2008",
      eprint         = "0801.4554",
      archivePrefix  = "arXiv",
      primaryClass   = "hep-ph",
      SLACcitation   = "%%CITATION = ARXIV:0801.4554;%%",
}

@article{Curtin:2013fra,
      author         = "Curtin, David and Essig, Rouven and Gori, Stefania and
                        Jaiswal, Prerit and Katz, Andrey and others",
      title          = "{Exotic Decays of the 125 GeV Higgs Boson}",
      year           = "2013",
      eprint         = "1312.4992",
      archivePrefix  = "arXiv",
      primaryClass   = "hep-ph",
      reportNumber   = "YITP-13-47, PITT-PACC-1314",
      SLACcitation   = "%%CITATION = ARXIV:1312.4992;%%",
}

@article{Celis:2013rcs,
      author         = "Celis, Alejandro and Ilisie, Victor and Pich, Antonio",
      title          = "{LHC constraints on two-Higgs doublet models}",
      journal        = "JHEP",
      volume         = "1307",
      pages          = "053",
      doi            = "10.1007/JHEP07(2013)053",
      year           = "2013",
      eprint         = "1302.4022",
      archivePrefix  = "arXiv",
      primaryClass   = "hep-ph",
      reportNumber   = "FTUV-13-0217, IFIC-12-89",
      SLACcitation   = "%%CITATION = ARXIV:1302.4022;%%",
}

@article{Grinstein:2013npa,
      author         = "Grinstein, Benjamin and Uttayarat, Patipan",
      title          = "{Carving Out Parameter Space in Type-II Two Higgs
                        Doublets Model}",
      journal        = "JHEP",
      volume         = "1306",
      pages          = "094",
      doi            = "10.1007/JHEP06(2013)094",
      year           = "2013",
      eprint         = "1304.0028",
      archivePrefix  = "arXiv",
      primaryClass   = "hep-ph",
      reportNumber   = "UCSD-PTH-13-02",
      SLACcitation   = "%%CITATION = ARXIV:1304.0028;%%",
}

@article{Coleppa:2013dya,
      author         = "Coleppa, Baradhwaj and Kling, Felix and Su, Shufang",
      title          = "{Constraining Type II 2HDM in Light of LHC Higgs
                        Searches}",
      year           = "2013",
      eprint         = "1305.0002",
      archivePrefix  = "arXiv",
      primaryClass   = "hep-ph",
      SLACcitation   = "%%CITATION = ARXIV:1305.0002;%%",
}

@article{Chen:2013rba,
      author         = "Chen, Chien-Yi and Dawson, S. and Sher, Marc",
      title          = "{Heavy Higgs Searches and Constraints on Two Higgs
                        Doublet Models}",
      journal        = "Phys.Rev.",
      volume         = "D88",
      pages          = "015018",
      doi            = "10.1103/PhysRevD.88.015018",
      year           = "2013",
      eprint         = "1305.1624",
      archivePrefix  = "arXiv",
      primaryClass   = "hep-ph",
      SLACcitation   = "%%CITATION = ARXIV:1305.1624;%%",
}

@article{Craig:2013hca,
      author         = "Craig, Nathaniel and Galloway, Jamison and Thomas, Scott",
      title          = "{Searching for Signs of the Second Higgs Doublet}",
      year           = "2013",
      eprint         = "1305.2424",
      archivePrefix  = "arXiv",
      primaryClass   = "hep-ph",
      reportNumber   = "RU-NHETC-2013-07",
      SLACcitation   = "%%CITATION = ARXIV:1305.2424;%%",
}

@article{Wang:2013sha,
      author         = "Wang, Lei and Han, Xiao-Fang",
      title          = "{Status of the aligned two-Higgs-doublet model confronted
                        with the Higgs data}",
      journal        = "JHEP",
      volume         = "1404",
      pages          = "128",
      doi            = "10.1007/JHEP04(2014)128",
      year           = "2014",
      eprint         = "1312.4759",
      archivePrefix  = "arXiv",
      primaryClass   = "hep-ph",
      SLACcitation   = "%%CITATION = ARXIV:1312.4759;%%",
}

@article{Baglio:2014nea,
      author         = "Baglio, Julien and Eberhardt, Otto and Nierste, Ulrich
                        and Wiebusch, Martin",
      title          = "{Benchmarks for Higgs Pair Production and Heavy Higgs
                        Searches in the Two-Higgs-Doublet Model of Type II}",
      year           = "2014",
      eprint         = "1403.1264",
      archivePrefix  = "arXiv",
      primaryClass   = "hep-ph",
      reportNumber   = "TTP14-008, KA-TP-09-2014, SFB-CPP-14-17, IPPP-14-21,
                        DCPT-14-42",
      SLACcitation   = "%%CITATION = ARXIV:1403.1264;%%",
}

@article{King:2012tr,
      author         = "King, S.F. and Muehlleitner, M. and Nevzorov, R. and
                        Walz, K.",
      title          = "{Natural NMSSM Higgs Bosons}",
      journal        = "Nucl.Phys.",
      volume         = "B870",
      pages          = "323-352",
      doi            = "10.1016/j.nuclphysb.2013.01.020",
      year           = "2013",
      eprint         = "1211.5074",
      archivePrefix  = "arXiv",
      primaryClass   = "hep-ph",
      SLACcitation   = "%%CITATION = ARXIV:1211.5074;%%",
}

@article{Cao:2013gba,
      author         = "Cao, Junjie and Ding, Fangfang and Han, Chengcheng and
                        Yang, Jin Min and Zhu, Jingya",
      title          = "{A light Higgs scalar in the NMSSM confronted with the
                        latest LHC Higgs data}",
      journal        = "JHEP",
      volume         = "1311",
      pages          = "018",
      doi            = "10.1007/JHEP11(2013)018",
      year           = "2013",
      eprint         = "1309.4939",
      archivePrefix  = "arXiv",
      primaryClass   = "hep-ph",
      SLACcitation   = "%%CITATION = ARXIV:1309.4939;%%",
}

@article{Christensen:2013dra,
      author         = "Christensen, Neil D. and Han, Tao and Liu, Zhen and Su,
                        Shufang",
      title          = "{Low-Mass Higgs Bosons in the NMSSM and Their LHC
                        Implications}",
      journal        = "JHEP",
      volume         = "1308",
      pages          = "019",
      doi            = "10.1007/JHEP08(2013)019",
      year           = "2013",
      eprint         = "1303.2113",
      archivePrefix  = "arXiv",
      SLACcitation   = "%%CITATION = ARXIV:1303.2113;%%",
}

@article{Cerdeno:2013cz,
      author         = "Cerdeno, David G. and Ghosh, Pradipta and Park, Chan
                        Beom",
      title          = "{Probing the two light Higgs scenario in the NMSSM with a
                        low-mass pseudoscalar}",
      journal        = "JHEP",
      volume         = "1306",
      pages          = "031",
      doi            = "10.1007/JHEP06(2013)031",
      year           = "2013",
      eprint         = "1301.1325",
      archivePrefix  = "arXiv",
      primaryClass   = "hep-ph",
      reportNumber   = "IFT-UAM-CSIC-13-002, FTUAM-13-124, CERN-PH-TH-2012-366",
      SLACcitation   = "%%CITATION = ARXIV:1301.1325;%%",
}

@article{Chalons:2012qe,
      author         = "Chalons, G. and Domingo, F.",
      title          = "{Analysis of the Higgs potentials for two doublets and a
                        singlet}",
      journal        = "Phys.Rev.",
      volume         = "D86",
      pages          = "115024",
      doi            = "10.1103/PhysRevD.86.115024",
      year           = "2012",
      eprint         = "1209.6235",
      archivePrefix  = "arXiv",
      primaryClass   = "hep-ph",
      SLACcitation   = "%%CITATION = ARXIV:1209.6235;%%",
}

@article{Ahriche:2013vqa,
      author         = "Ahriche, Amine and Arhrib, Abdesslam and Nasri, Salah",
      title          = "{Higgs Phenomenology in the Two-Singlet Model}",
      journal        = "JHEP",
      volume         = "1402",
      pages          = "042",
      doi            = "10.1007/JHEP02(2014)042",
      year           = "2014",
      eprint         = "1309.5615",
      archivePrefix  = "arXiv",
      primaryClass   = "hep-ph",
      SLACcitation   = "%%CITATION = ARXIV:1309.5615;%%",
}

@article{Belanger:2013xza,
      author         = "Belanger, G. and Dumont, B. and Ellwanger, U. and Gunion,
                        J.F. and Kraml, S.",
      title          = "{Global fit to Higgs signal strengths and couplings and
                        implications for extended Higgs sectors}",
      year           = "2013",
      eprint         = "1306.2941",
      archivePrefix  = "arXiv",
      primaryClass   = "hep-ph",
      reportNumber   = "LAPTH-032-13, LPSC1319, LPT-ORSAY-13-40, UCD-2013-3",
      SLACcitation   = "%%CITATION = ARXIV:1306.2941;%%",
}

@article{CMSHwidth,
      title          = "{Constraints on the Higgs boson width from off-shell production and decay to $ZZ\to \ell\ell\ell'\ell'$ and $\ell\ell\nu\nu$}",
      collaboration  = "CMS",
      reportNumber="CMS PAS HIG-14-002"
}

@article{Chatrchyan:2012am,
      author         = "Chatrchyan, Serguei and others",
      title          = "{Search for a light pseudoscalar Higgs boson in the
                        dimuon decay channel in $pp$ collisions at $\sqrt{s}=7$
                        TeV}",
      collaboration  = "CMS",
      journal        = "Phys.Rev.Lett.",
      volume         = "109",
      pages          = "121801",
      doi            = "10.1103/PhysRevLett.109.121801",
      year           = "2012",
      eprint         = "1206.6326",
      archivePrefix  = "arXiv",
      primaryClass   = "hep-ex",
      reportNumber   = "CMS-HIG-12-004, CERN-PH-EP-2012-176",
      SLACcitation   = "%%CITATION = ARXIV:1206.6326;%%",
}

@article{Dermisek:2009fd,
      author         = "Dermisek, Radovan and Gunion, John F.",
      title          = "{Direct production of a light CP-odd Higgs boson at the
                        Tevatron and LHC}",
      journal        = "Phys.Rev.",
      volume         = "D81",
      pages          = "055001",
      doi            = "10.1103/PhysRevD.81.055001",
      year           = "2010",
      eprint         = "0911.2460",
      archivePrefix  = "arXiv",
      primaryClass   = "hep-ph",
      reportNumber   = "CERN-PH-TH-2009-196, IUHET-536",
      SLACcitation   = "%%CITATION = ARXIV:0911.2460;%%",
}

@article{Dumont:2014wha,
      author         = "Dumont, Beranger and Gunion, John F. and Jiang, Yun and
                        Kraml, Sabine",
      title          = "{Constraints on and future prospects for
                        Two-Higgs-Doublet Models in light of the LHC Higgs
                        signal}",
      year           = "2014",
      eprint         = "1405.3584",
      archivePrefix  = "arXiv",
      primaryClass   = "hep-ph",
      SLACcitation   = "%%CITATION = ARXIV:1405.3584;%%",
}


% Tau ID PAS
@techreport{CMS:2011msa,
      title         = "{Tau identification in CMS}",
      institution   = "CERN",
      Collaboration = "CMS Collaboration",
      address       = "Geneva",
      number        = "CMS-PAS-TAU-11-001",
      year          = "2011",
      reportNumber  = "CMS-PAS-TAU-11-001",
      url           = "https://cds.cern.ch/record/1337004",
}

